<?xml version="1.0" encoding="UTF-8"?><collection xmlns="http://www.loc.gov/MARC21/slim"><record><leader>00666nam--2200181-i-4500</leader><controlfield tag="001">000013987</controlfield><controlfield tag="002">20161230</controlfield><controlfield tag="005">20170105144118</controlfield><controlfield tag="008">060222s1000------------r-----000-0-eng-d</controlfield><datafield ind1=" " ind2=" " tag="040"><subfield code="a">IFIN-HH</subfield></datafield><datafield ind1=" " ind2=" " tag="080"><subfield code="a">539.172.17:539.171.6(075.9)</subfield></datafield><datafield ind1="1" ind2=" " tag="100"><subfield code="a">Raduta, Apolodor Aristotel</subfield></datafield><datafield ind1="1" ind2="0" tag="245"><subfield code="a">Critical phenomena in heavy ion physics</subfield><subfield code="b">Brasov International School, 1980 organizing committee: directors: M.Petrascu, A.A.Raduta scientific secretaries: G.Stratan, V.Zoran</subfield><subfield code="c">A.A. Raduta, G. Stratan (eds.)</subfield></datafield><datafield ind1=" " ind2=" " tag="260"><subfield code="a">Bucharest</subfield><subfield code="b">Central Institute Of Physics</subfield><subfield code="c">1982</subfield></datafield><datafield ind1=" " ind2=" " tag="300"><subfield code="a">1124 p</subfield></datafield><datafield ind1="1" ind2=" " tag="700"><subfield code="a">Stratan, G</subfield><subfield code="e">Ed</subfield></datafield><datafield ind1=" " ind2=" " tag="852"><subfield code="a">49435</subfield><subfield code="c">539.17</subfield></datafield><datafield ind1=" " ind2=" " tag="CAT"><subfield code="a">SYS</subfield><subfield code="c">20170105</subfield><subfield code="h">144118</subfield></datafield></record></collection>